<?xml version="1.0" encoding="UTF-8"?><collection xmlns="http://www.loc.gov/MARC21/slim"><record><leader>00368nam--2200145-i-4500</leader><controlfield tag="001">000039642</controlfield><controlfield tag="002">20161230</controlfield><controlfield tag="005">20161230201042</controlfield><controlfield tag="008">060222s1000------------r-----000-0-eng-d</controlfield><datafield ind1=" " ind2=" " tag="080"><subfield code="a">524.1</subfield></datafield><datafield ind1=" " ind2=" " tag="100"><subfield code="a">Rossi, B</subfield></datafield><datafield ind1=" " ind2=" " tag="245"><subfield code="a">Rayons cosmiques</subfield></datafield><datafield ind1=" " ind2=" " tag="260"><subfield code="a">Paris, Hermann Et C-ie, Editeurs, 1935, 48p</subfield></datafield><datafield ind1=" " ind2=" " tag="490"><subfield code="a">Actualites Scientifiques Et Industrielles</subfield></datafield><datafield ind1=" " ind2=" " tag="852"><subfield code="a">2005</subfield></datafield></record></collection>